@article{liu2023reparameterize,
  title={3D Multi-Organ and Tumor Segmentation Based on Re-Parameterize Diverse Experts},
  author={Liu, Peng and Gu, Cheng and Wu, Bin and Liao, Xin and Qian, Yimin and Chen, Guangming},
  journal={Mathematics},
  volume={11},
  number={23},
  pages={4868},
  year={2023},
  publisher={MDPI},
  doi={10.3390/math11234868}
}

@article{xie2024unimiss,
  title={UniMiSS+: Universal Medical Self-Supervised Learning from Cross-Dimensional Unpaired Data},
  author={Xie, Yuyuan and Zhang, Jianpeng and Xia, Yong and Wu, Qiang},
  journal={IEEE Transactions on Pattern Analysis and Machine Intelligence},
  volume={46},
  number={12},
  pages={10021--10035},
  year={2024},
  publisher={IEEE},
  doi={10.1109/TPAMI.2024.3436105}
}

@inproceedings{yang2018automatic,
  title={An Automatic Brain Tumor Image Segmentation Method Based on the U-Net},
  author={Yang, Ting and Song, Jian},
  booktitle={Proceedings of the 4th IEEE International Conference on Computer and Communications (ICCC)},
  pages={1600--1604},
  year={2018},
  organization={IEEE},
  doi={10.1109/CompComm.2018.8780595}
}

@inproceedings{kang2023rcsyolo,
  title={RCS-YOLO: A Fast and High-Accuracy Object Detector for Brain Tumor Detection},
  author={Kang, Minsung and Ting, Chee-Ming and Ting, Feng Fu and Phan, Raphael CW},
  booktitle={Medical Image Computing and Computer-Assisted Intervention -- MICCAI 2023},
  pages={600--610},
  year={2023},
  publisher={Springer},
  doi={10.1007/978-3-031-43901-8_57}
}

@misc{ronneberger2015unet,
  title={U-Net: Convolutional Networks for Biomedical Image Segmentation},
  author={Ronneberger, Olaf and Fischer, Philipp and Brox, Thomas},
  booktitle={Medical Image Computing and Computer-Assisted Intervention -- MICCAI 2015},
  pages={234--241},
  year={2015},
  publisher={Springer},
  doi={10.1007/978-3-319-24574-4_28}
}

@article{isensee2021nnunet,
  title={nnU-Net: A Self-Configuring Method for Deep Learning-Based Biomedical Image Segmentation},
  author={Isensee, Fabian and Jaeger, Paul F and Kohl, Simon AA and Petersen, Jens and Maier-Hein, Klaus H},
  journal={Nature Methods},
  volume={18},
  number={2},
  pages={203--211},
  year={2021},
  publisher={Nature Publishing Group},
  doi={10.1038/s41592-020-01008-z}
}

@article{chen2024transattunet,
  title={TransAttUnet: Multi-level attention-guided U-Net with transformer for medical image segmentation},
  author={Chen, Bingzhi and Liu, Yishu and Zhang, Zheng and Lu, Guangming and Kong, Adams Wai Kin},
  journal={IEEE Transactions on Emerging Topics in Computational Intelligence},
  volume={8},
  number={1},
  pages={55--66},
  year={2024},
  publisher={IEEE},
  doi={10.1109/TETCI.2023.3309626}
}

@misc{chen2019med3d,
  title={Med3D: Transfer Learning for 3D Medical Image Analysis},
  author={Chen, Sihong and Ma, Kai and Zheng, Yefeng},
  year={2019},
  eprint={1904.00625},
  archivePrefix={arXiv},
  primaryClass={cs.CV},
  url={https://arxiv.org/abs/1904.00625}
}

@inproceedings{shang2024triaxial,
  title={TriAxial Low-Rank Transformer for Efficient Medical Image Segmentation},
  author={Shang, Jiale and Fang, Xiaohong},
  booktitle={Pattern Recognition and Computer Vision},
  pages={91--102},
  year={2024},
  publisher={Springer},
  series={Lecture Notes in Computer Science},
  volume={14342},
  doi={10.1007/978-981-99-8432-9_8}
}

@inproceedings{zhang2021dodnet,
  title={DoDNet: Learning to Segment Multi-Organ and Tumors from Multiple Partially Labeled Datasets},
  author={Zhang, Jianpeng and Xie, Yuyuan and Xia, Yong and Shen, Chunhua},
  booktitle={Proceedings of the IEEE/CVF Conference on Computer Vision and Pattern Recognition (CVPR)},
  pages={1195--1204},
  year={2021},
  organization={IEEE},
  doi={10.1109/CVPR46437.2021.00125}
}

@inproceedings{liu2023clip,
  title={CLIP-Driven Universal Model for Organ Segmentation and Tumor Detection},
  author={Liu, Jingtian and others},
  booktitle={Proceedings of the IEEE/CVF International Conference on Computer Vision (ICCV)},
  pages={21095--21107},
  year={2023},
  organization={IEEE},
  doi={10.1109/ICCV51070.2023.01934}
}

@inproceedings{ye2023uniseg,
  title={UniSeg: A Prompt-Driven Universal Segmentation Model as Well as a Strong Representation Learner},
  author={Ye, Yingda and Xie, Yuyuan and Zhang, Jianpeng and Chen, Zaiyi and Xia, Yong},
  booktitle={Medical Image Computing and Computer-Assisted Intervention -- MICCAI 2023},
  pages={508--518},
  year={2023},
  publisher={Springer},
  doi={10.1007/978-3-031-43898-1_49}
}

@misc{baid2021brats,
  title={The RSNA-ASNR-MICCAI BraTS 2021 Benchmark on Brain Tumor Segmentation and Radiogenomic Classification},
  author={Baid, Ujjwal and others},
  year={2021},
  eprint={2107.02314},
  archivePrefix={arXiv},
  primaryClass={cs.CV},
  url={https://arxiv.org/abs/2107.02314}
}

@article{liu2024multiorgan,
  author    = {Xing Liu and Lin Qu and Zhen Xie and others},
  title     = {Towards more precise automatic analysis: a systematic review of deep learning-based multi-organ segmentation},
  journal   = {BioMed Engineering OnLine},
  volume    = {23},
  pages     = {52},
  year      = {2024},
  doi       = {10.1186/s12938-024-01238-8},
  url       = {https://doi.org/10.1186/s12938-024-01238-8}
}

@inproceedings{vaswaniAttention,
 author = {Vaswani, Ashish and Shazeer, Noam and Parmar, Niki and Uszkoreit, Jakob and Jones, Llion and Gomez, Aidan N and Kaiser, \L ukasz and Polosukhin, Illia},
 booktitle = {Advances in Neural Information Processing Systems},
 editor = {I. Guyon and U. Von Luxburg and S. Bengio and H. Wallach and R. Fergus and S. Vishwanathan and R. Garnett},
 pages = {},
 publisher = {Curran Associates, Inc.},
 title = {Attention is All you Need},
 url = {https://proceedings.neurips.cc/paper_files/paper/2017/file/3f5ee243547dee91fbd053c1c4a845aa-Paper.pdf},
 volume = {30},
 year = {2017}
}

@inproceedings{liu2021feddg,
  title={Feddg: Federated domain generalization on medical image segmentation via episodic learning in continuous frequency space},
  author={Liu, Quande and Chen, Cheng and Qin, Jing and Dou, Qi and Heng, Pheng-Ann},
  booktitle={Proceedings of the IEEE/CVF conference on computer vision and pattern recognition},
  pages={1013--1023},
  year={2021}
}
